<record><leader>00000cas a2200000 a 4500</leader><controlfield tag="001">232333959</controlfield><controlfield tag="008">080619d18901890dcudn ne      0   a0eng  </controlfield><datafield ind1=" " ind2=" " tag="010"><subfield code="a">sn2008058169</subfield></datafield><datafield ind1=" " ind2=" " tag="040"><subfield code="a">DLC</subfield><subfield code="b">eng</subfield><subfield code="c">DLC</subfield><subfield code="d">DLC</subfield><subfield code="d">OCLCQ</subfield><subfield code="d">OCLCA</subfield><subfield code="d">OCLCF</subfield></datafield><datafield ind1=" " ind2=" " tag="012"><subfield code="l">a</subfield></datafield><datafield ind1="1" ind2=" " tag="022"><subfield code="a">2157-3247</subfield><subfield code="2">1</subfield></datafield><datafield ind1=" " ind2=" " tag="042"><subfield code="a">pcc</subfield><subfield code="a">nsdp</subfield></datafield><datafield ind1=" " ind2=" " tag="043"><subfield code="a">n-us-dc</subfield></datafield><datafield ind1="0" ind2="0" tag="050"><subfield code="a">Newspaper</subfield></datafield><datafield ind1="0" ind2=" " tag="130"><subfield code="a">Washington critic (Washington, D.C. : 1890)</subfield></datafield><datafield ind1=" " ind2="4" tag="222"><subfield code="a">The Washington critic</subfield><subfield code="b">(Washington, D.C. 1890)</subfield></datafield><datafield ind1="1" ind2="4" tag="245"><subfield code="a">The Washington critic.</subfield></datafield><datafield ind1="1" ind2=" " tag="246"><subfield code="i">Sunday issue for Feb. 2, 1890 published as:</subfield><subfield code="a">Washington Sun day critic</subfield></datafield><datafield ind1=" " ind2=" " tag="260"><subfield code="a">Washington City, D.C. :</subfield><subfield code="b">Washington Critic Co.,</subfield><subfield code="c">1890.</subfield></datafield><datafield ind1=" " ind2=" " tag="300"><subfield code="a">1 v.</subfield></datafield><datafield ind1=" " ind2=" " tag="310"><subfield code="a">Daily (except Sunday)</subfield></datafield><datafield ind1="0" ind2=" " tag="362"><subfield code="a">22nd year, no. 6,697 (Jan. 27, 1890)-22nd. year, no. 6,807 (May 24, 1890).</subfield></datafield><datafield ind1=" " ind2=" " tag="530"><subfield code="a">Also issued on microfilm from the Library of Congress, Photoduplication Service.</subfield></datafield><datafield ind1=" " ind2=" " tag="530"><subfield code="a">Archived issues are available in digital format as part of the Library of Congress Chronicling America online collection.</subfield></datafield><datafield ind1=" " ind2="0" tag="651"><subfield code="a">Washington (D.C.)</subfield><subfield code="v">Newspapers.</subfield></datafield><datafield ind1=" " ind2="7" tag="655"><subfield code="a">Newspapers.</subfield><subfield code="2">fast</subfield><subfield code="0">(OCoLC)fst01423814</subfield></datafield><datafield ind1=" " ind2="7" tag="651"><subfield code="a">Washington (D.C.)</subfield><subfield code="2">fast</subfield><subfield code="0">(OCoLC)fst01204505</subfield></datafield><datafield ind1=" " ind2=" " tag="752"><subfield code="a">United States</subfield><subfield code="b">District of Columbia</subfield><subfield code="d">Washington.</subfield></datafield><datafield ind1="0" ind2="0" tag="780"><subfield code="t">Evening capital (Washington, D.C. : 1889)</subfield><subfield code="w">(DLC)sn 88063022</subfield><subfield code="w">(OCoLC)17426705</subfield></datafield><datafield ind1="0" ind2="0" tag="785"><subfield code="t">Daily critic (Washington, D.C. : 1890)</subfield><subfield code="w">(DLC)sn2008058170</subfield><subfield code="w">(OCoLC)232334430</subfield></datafield><datafield ind1="4" ind2="1" tag="856"><subfield code="u">http://www.loc.gov/chroniclingamerica/lccn/sn2008058169/issues</subfield></datafield></record>